@book{book:Penrose_imperatore,
   title =     {La mente nuova dell'imperatore},
   author =    {Roger Penrose},
   publisher = {BUR Biblioteca Univ. Rizzoli},
   isbn =      {8817865524,9788817865524},
   year =      {2000},
   series =    {},
   edition =   {},
   volume =    {}}

@article{url:maddmath_villani,
	author = {Maddmath},
	editor = {},
	title = {Video-Intervista a Cedric Villani},
	date = {27 Ottobre 2012},
	url = {http://maddmaths.simai.eu/divulgazione/archivio-presentazioni-multimediali/video-intervista-a-cedric-villani/},
	OPTsubtitle = {Archivio Presentazioni Multimediali, Il Teorema Vivente, Varie}
}
